@phdthesis{thesis,
    author = "Patt A.",
    title = "Simulation moléculaire d’hydrates de gaz mixtes en conditions astrophysique",
    date = "2020"
}
@book{sloan,
    author = "Dendy Sloan E. and Koh C. A.",
    title = "Clathrate Hydrates of Natural Gases Third Edition",
    year = "2007",
    publisher = "CRC Press"
}
@book{mds,
    author = "Frenkel D. and Smit B.",
    title = "Understanding Molecular Simulation",
    year = "1996",
    publisher = "Academic Press"
}
@article{tung,
    author = "Tung Y. et al",
    title = "The Growth of Structure I Methane Hydrate from Molecular Dynamics Simulations",
    journaltitle = "The Journal of Physical Chemistry B",
    year = "2010",
    volume = "114",
    number = "33",
    pages = "10804–10813"
}
@article{jinlong,
    author = "Cui J. et al",
    title = "Fundamental mechanisms and phenomena of clathrate hydrate nucleation",
    journaltitle = "Chinese Journal of Chemical Engineering",
    year = "2019",
    volume = "27",
    number = "9",
    pages = "2014-2025"
}